@article{GRW1986,
  author    = {Ghirardi, G.C. and Rimini, A. and Weber, T.},
  title     = {Unified dynamics for microscopic and macroscopic systems},
  journal   = {Physical Review D},
  volume    = {34},
  number    = {2},
  pages     = {470--491},
  year      = {1986},
  doi       = {10.1103/PhysRevD.34.470}
}

@article{Verlinde2011,
  author    = {Verlinde, E.},
  title     = {On the Origin of Gravity and the Laws of Newton},
  journal   = {Journal of High Energy Physics},
  volume    = {2011},
  number    = {4},
  pages     = {29},
  year      = {2011},
  doi       = {10.1007/JHEP04(2011)029}
}

